@misc{wang2022efficient,
  title = {Efficient Exploration in Resource-Restricted Reinforcement Learning},
  author = {Zhihai Wang and Taoxing Pan and Qi Zhou and Jie Wang},
  year = {2022},
  eprint = {2212.06988},
  archivePrefix = {arXiv},
  primaryClass = {cs.LG},
}